@article{paper,
  title={title of paper},
  author={firstname, lastname and firstname2, lastname 2},
  journal={journal name  (JN)},
  volume={11},
  number={22-33},
  pages={4444--5555},
  year={2021},
  publisher={Fake Publisher China: Minhang, Shanghai}
}